<?xml version="1.0" encoding="utf-8"?>
<record xmlns="http://www.loc.gov/MARC21/slim" xmlns:xsi="http://www.w3.org/2001/XMLSchema-instance" xsi:schemaLocation="http://www.loc.gov/MARC21/slim http://www.loc.gov/standards/marcxml/schema/MARC21slim.xsd">
	<leader>     nam a22     Mi 4500</leader>
	<controlfield tag="001">2787798</controlfield>
	<controlfield tag="003">NjP</controlfield>
	<controlfield tag="006">m        d        </controlfield>
	<controlfield tag="007">cr cn |||m|||a</controlfield>
	<controlfield tag="008">200327m19341937ua ach  o     001 0cara  </controlfield>
	<datafield ind1=" " ind2=" " tag="040">
		<subfield code="a">ZYU</subfield>
		<subfield code="b">ara</subfield>
		<subfield code="e">rda</subfield>
		<subfield code="c">ZYU</subfield>
	</datafield>
	<datafield ind1=" " ind2=" " tag="043">
		<subfield code="a">f-ua---</subfield>
	</datafield>
	<datafield ind1=" " ind2="4" tag="050">
		<subfield code="a">DT107.2.A5</subfield>
		<subfield code="b">A3 1934</subfield>
	</datafield>
	<datafield ind1=" " ind2="4" tag="050">
		<subfield code="a">DT107.2.A53</subfield>
		<subfield code="b">A34 1934</subfield>
	</datafield>
	<datafield ind1="0" ind2=" " tag="100">
		<subfield code="6">880-01</subfield>
		<subfield code="a">Aḥmad Shafīq,</subfield>
		<subfield code="d">1860-1940.</subfield>
	</datafield>
	<datafield ind1="1" ind2="0" tag="245">
		<subfield code="6">880-02</subfield>
		<subfield code="a">Mudhakkirātī fī niṣf qarn /</subfield>
		<subfield code="c">bi-qalam al-ḥājj Aḥmad Shafīq Bāshā raʼīs al-Dīwān al-Khidīwī wa-wakīl al-Jāmiʻah al-Miṣrīyah al-Ahlīyah sābiqan wa-khirrīj Madrasat al-ʻUlūm al-Siyāsīyah wa-Killīyat al-Ḥuqūq bi-Bārīs.</subfield>
	</datafield>
	<datafield ind1=" " ind2=" " tag="250">
		<subfield code="6">880-03</subfield>
		<subfield code="a">al-Ṭabʻah al-ūlá.</subfield>
	</datafield>
	<datafield ind1=" " ind2="1" tag="264">
		<subfield code="6">880-04</subfield>
		<subfield code="a">al-Qāhirah :</subfield>
		<subfield code="b">Maṭbaʻat Miṣr, Sharikah Musāhimah Miṣrīyah,</subfield>
		<subfield code="c">sanat 1352 H., sanat 1934 M.-[1937?]</subfield>
	</datafield>
	<datafield ind1=" " ind2=" " tag="300">
		<subfield code="a">online resource (3 volumes in 4.) :</subfield>
		<subfield code="b">illustrations, portraits, facsimiles</subfield>
	</datafield>
	<datafield ind1=" " ind2=" " tag="336">
		<subfield code="a">text</subfield>
		<subfield code="2">rdacontent</subfield>
	</datafield>
	<datafield ind1=" " ind2=" " tag="337">
		<subfield code="a">computer</subfield>
		<subfield code="2">rdamedia</subfield>
	</datafield>
	<datafield ind1=" " ind2=" " tag="338">
		<subfield code="a">online resource</subfield>
		<subfield code="2">rdacarrier</subfield>
	</datafield>
	<datafield ind1=" " ind2=" " tag="500">
		<subfield code="a">Includes indexes.</subfield>
	</datafield>
	<datafield ind1=" " ind2=" " tag="500">
		<subfield code="a">Vol. 3, with imprint: Dār &quot;Majallatī&quot; lil-Ṭabʻ wa-al-Nashr lacks ed. statement.</subfield>
	</datafield>
	<datafield ind1=" " ind2=" " tag="500">
		<subfield code="6">880-05</subfield>
		<subfield code="a">Ḥuqūq al-ṭabʻ wa-al-tarjamah maḥfūẓah lil-muʼallif.</subfield>
	</datafield>
	<datafield ind1=" " ind2=" " tag="500">
		<subfield code="a">Part of the Arabic Collections Online (ACO) project, contributed by Princeton University Libraries.</subfield>
	</datafield>
	<datafield ind1="0" ind2=" " tag="505">
		<subfield code="6">880-06</subfield>
		<subfield code="a">al-Juzʼ al-awwal. Min sanat 1873 ilá 8 Yanāyir sanat 1892 -- al-Juzʼ al-thānī. ʻAbbās Ḥilmī al-Thānī : al-Qism al-awwal. Min Yanāyir sanat 1892 ilá sanat 1902. al-Qism al-thānī. Min Yanāyir sanat 1903 ilá sanat 1914 -- al-Juzʼ al-thālith. ʻAbbās wa-al-Ḥarb al-ʻUẓmá, 1915-1923.</subfield>
	</datafield>
	<datafield ind1=" " ind2=" " tag="533">
		<subfield code="a">Electronic reproduction.</subfield>
		<subfield code="b">New York, N.Y. :</subfield>
		<subfield code="c">New York University,</subfield>
		<subfield code="d">2020.</subfield>
		<subfield code="5">NNU</subfield>
	</datafield>
	<datafield ind1="0" ind2="0" tag="600">
		<subfield code="6">880-07</subfield>
		<subfield code="a">Aḥmad Shafīq,</subfield>
		<subfield code="d">1860-1940.</subfield>
	</datafield>
	<datafield ind1="0" ind2="7" tag="600">
		<subfield code="a">Aḥmad Shafīq,</subfield>
		<subfield code="d">1860-1940.</subfield>
		<subfield code="2">fast</subfield>
		<subfield code="0">(OCoLC)fst01911728</subfield>
	</datafield>
	<datafield ind1="2" ind2="7" tag="611">
		<subfield code="a">British Occupation of Egypt (1882-1936)</subfield>
		<subfield code="2">fast</subfield>
		<subfield code="0">(OCoLC)fst01352144</subfield>
	</datafield>
	<datafield ind1=" " ind2="0" tag="651">
		<subfield code="a">Egypt</subfield>
		<subfield code="x">History</subfield>
		<subfield code="y">British occupation, 1882-1936.</subfield>
	</datafield>
	<datafield ind1=" " ind2="0" tag="651">
		<subfield code="a">Egypt</subfield>
		<subfield code="x">Politics and government</subfield>
		<subfield code="y">1882-1952.</subfield>
	</datafield>
	<datafield ind1=" " ind2="0" tag="651">
		<subfield code="a">Egypt</subfield>
		<subfield code="x">Politics and government</subfield>
		<subfield code="y">640-1882.</subfield>
	</datafield>
	<datafield ind1=" " ind2="0" tag="651">
		<subfield code="a">Egypt</subfield>
		<subfield code="x">History</subfield>
		<subfield code="y">19th century.</subfield>
	</datafield>
	<datafield ind1=" " ind2="7" tag="650">
		<subfield code="a">Politics and government.</subfield>
		<subfield code="2">fast</subfield>
		<subfield code="0">(OCoLC)fst01919741</subfield>
	</datafield>
	<datafield ind1=" " ind2="7" tag="651">
		<subfield code="a">Egypt.</subfield>
		<subfield code="2">fast</subfield>
		<subfield code="0">(OCoLC)fst01208755</subfield>
	</datafield>
	<datafield ind1=" " ind2="7" tag="648">
		<subfield code="a">640-1952</subfield>
		<subfield code="2">fast</subfield>
	</datafield>
	<datafield ind1=" " ind2="7" tag="655">
		<subfield code="a">History.</subfield>
		<subfield code="2">fast</subfield>
		<subfield code="0">(OCoLC)fst01411628</subfield>
	</datafield>
	<datafield ind1="2" ind2=" " tag="710">
		<subfield code="a">Princeton University.</subfield>
		<subfield code="b">Library.</subfield>
	</datafield>
	<datafield ind1="0" ind2=" " tag="730">
		<subfield code="a">Arabic Collections Online.</subfield>
	</datafield>
	<datafield ind1="0" ind2="8" tag="776">
		<subfield code="i">Online version:</subfield>
		<subfield code="a">Aḥmad Shafīq, 1860-1940.</subfield>
		<subfield code="t">Mudhakkirātī fī niṣf qarn.</subfield>
		<subfield code="b">al-Ṭabʻah al-ūlá</subfield>
		<subfield code="w">(OCoLC)1121448172</subfield>
	</datafield>
	<datafield ind1="0" ind2="8" tag="776">
		<subfield code="i">Print version:</subfield>
		<subfield code="a">Aḥmad Shafīq, 1860-1940.</subfield>
		<subfield code="t">Mudhakkirātī fī niṣf qarn</subfield>
		<subfield code="w">(NjP)2787798</subfield>
		<subfield code="w">(DLC)   74211110 </subfield>
		<subfield code="w">(OCoLC)11102994</subfield>
	</datafield>
	<datafield ind1="4" ind2="0" tag="856">
		<subfield code="u">http://hdl.handle.net/2333.1/2547djhs</subfield>
	</datafield>
	<datafield ind1="0" ind2=" " tag="880">
		<subfield code="6">100-01</subfield>
		<subfield code="a">أحمد شفيق،</subfield>
		<subfield code="d">1860-1940.</subfield>
	</datafield>
	<datafield ind1="1" ind2="0" tag="880">
		<subfield code="6">245-02</subfield>
		<subfield code="a">مذكراتي في نصف قرن /</subfield>
		<subfield code="c">بقلم الحاج احمد شفيق باشا رئيس الديوان الخديوي ووكيل الجامعة المصرية الاهلية سابقن وخريج مدرسة العلوم السياسية وكلية الحقوق بباريس.</subfield>
	</datafield>
	<datafield ind1=" " ind2=" " tag="880">
		<subfield code="6">250-03</subfield>
		<subfield code="a">الطبعة الأولى.</subfield>
	</datafield>
	<datafield ind1=" " ind2="1" tag="880">
		<subfield code="6">264-04</subfield>
		<subfield code="a">القاهرة :</subfield>
		<subfield code="b">مطبعة مصر، شركة مساهمة مصرية،</subfield>
		<subfield code="c">سنة 1352 ه.، سنة 1934 م.[1937؟]</subfield>
	</datafield>
	<datafield ind1=" " ind2=" " tag="880">
		<subfield code="6">500-05</subfield>
		<subfield code="a">حقوق الطبع والترجمة محفوظة للمؤلف.</subfield>
	</datafield>
	<datafield ind1="0" ind2=" " tag="880">
		<subfield code="6">505-06</subfield>
		<subfield code="a">الجزء الأول. من سنة 1873 الى 8 يناير سنة 1892 -- الجزء الثاني. عباس حلمي الثاني : القسم الاول. من يناير سنة 1892 الى سنة 1902. القسم الثاني. من يناير سنة 1903 الى سنة 1914 -- الجزء الثالث. عباس والحرب العظمى، 1915-1923.</subfield>
	</datafield>
	<datafield ind1="0" ind2="4" tag="880">
		<subfield code="6">600-07</subfield>
		<subfield code="a">أحمد شفيق،</subfield>
		<subfield code="d">1860-1940.</subfield>
	</datafield>
	<datafield ind1=" " ind2=" " tag="959">
		<subfield code="a">NNU</subfield>
		<subfield code="b">WEB</subfield>
		<subfield code="c">GENI</subfield>
		<subfield code="t">0</subfield>
		<subfield code="m">Electronic access</subfield>
		<subfield code="s">01</subfield>
	</datafield>
	<datafield ind1=" " ind2=" " tag="999">
		<subfield code="i">NjP_2787798</subfield>
		<subfield code="o">(OCoLC)ocm11102994 </subfield>
		<subfield code="s">princeton_aco002295:v.2</subfield>
	</datafield>
</record>
